@INPROCEEDINGS{Pearl1985,
AUTHOR="J Pearl",
TITLE="Bayesian Networks: A Model of Self-Activated Memory for Evidential Reasoning",
BOOKTITLE="Proceedings of the 7th Conference of the Cognitive Science Society",
YEAR="1985",
PAGES="329--334"
}

@book{Pearl1988,
 author = {Pearl, Judea},
 title = {Probabilistic Reasoning in Intelligent Systems: Networks of Plausible Inference},
 year = {1988},
 isbn = {1558604790},
 publisher = {Morgan Kaufmann Publishers Inc.},
 address = {San Francisco, CA, USA},
} 

@article{Metropolis1953,
AUTHOR="Nicholas Metropolis and Arianna W. Rosenbluth and Marshall N. Rosenbluth and Augusta H. Teller and Edward Teller",
TITLE="Equation of State Calculations by Fast Computing Machines",
JOURNAL="The Journal of Chemical Physics",
VOLUME="21",
NUMBER="6",
PAGES="1087--1092",
YEAR=1953
}

@article{Hastings1970,
AUTHOR="W K Hastings",
TITLE="Monte Carlo Sampling Methods Using Markov Chains and Their Applications",
JOURNAL="Biometrika",
VOLUME="57",
NUMBER="1",
PAGES="97--109",
YEAR=1970
}

@INPROCEEDINGS{Tenenbaum1999,
    author = {Joshua B. Tenenbaum},
    title = {Bayesian modeling of human concept learning},
    booktitle = {Advances in Neural Information Processing Systems 11},
    year = {1999},
    pages = {59--65}
}

@INPROCEEDINGS{Goodman2008,
    author = {Noah D. Goodman and Vikash K. Mansinghka and Daniel M. Roy and Keith Bonawitz and Joshua B. Tenenbaum},
    title = {Church: A language for generative models},
    booktitle = {Uncertainty in Artificial Intelligence},
    year = {2008},
    pages = {220--229}
}

@INPROCEEDINGS{Wingate2011,
author = {D Wingate and A Stuhlmueller and N Goodman},
booktitle = {Proceedings of the 14th international conference on Artificial Intelligence and Statistics},
title = {Lightweight Implementations of Probabilistic Programming Languages Via Transformational Compilation},
year = {2011},
}

@ARTICLE{Griffiths2006,
    author = {Thomas L. Griffiths and Joshua B. Tenenbaum},
    title = {Optimal predictions in everyday cognition},
    journal = {Psychological Science},
    year = {2006},
    volume = {17},
    pages = {767--773}
}

@ARTICLE{Charniak1991,
    author = {Eugene Charniak},
    title = {Bayesian Networks Without Tears},
    journal = {AI MAGAZINE},
    year = {1991},
    volume = {12},
    number = {4},
    pages = {50--63}
}

@misc{ast,
howpublished="\url{http://docs.python.org/library/ast.html}",
year="2011",
month="May",
day="12",
title="Abstract Syntax Trees"
}

@misc{codegen,
howpublished="\url{http://dev.pocoo.org/hg/sandbox/file/b2aea937f5bb/ ast/codegen.py}",
year="2011",
month="Feb",
day="11",
title="Codegen",
author="Robert Kern"
}